% Encoding: UTF-8

@Book{DeepLearning,
  title     = {Deep Learning mit TensorFlow, Keras und TensorFlow.js},
  publisher = {Rheinwerk Computing},
  year      = {2019},
  author    = {Deru Ndiaye},
}

@Book{Einfuehrung,
  title     = {Einführung in TensorFlow Deep-Learning-Systeme programmieren, trainieren, skalieren und deployen},
  publisher = {O'REILLY},
  year      = {2018},
  author    = {Tom Hope, Yehezkel S. Resheff, Itay Lieder},
}

@Book{StatMaschLernen,
  title     = {Statistisches und maschinelles Lernen Gängige Verfahren im Überblick},
  publisher = {Springer Spektrum},
  year      = {2019},
  author    = {Stefan Richter},
}

@Book{NeuNetze,
  title     = {Neuronale Netze und Deep Learning kapieren Der einfache Praxiseinstieg},
  publisher = {mitp},
  year      = {2020 (engl. Originalausgabe: 2019)},
  author    = {Janina Bahlmann},
}

@Misc{ueberwachtMaschLernen,
  author    = {Benjamin Aunkofer},
  title     = {Überwachtes vs unüberwachtes maschinelles Lernen},
  month     = jul,
  year      = {2017},
  timestamp = {2020-01-20},
  url       = {https://data-science-blog.com/blog/2017/07/02/uberwachtes-vs-unuberwachtes-maschinelles-lernen/},
}

@Misc{RegKlass,
  author    = {Benjamin Aunkofer},
  title     = {Maschinelles Lernen: Klassifikation vs Regression},
  month     = dec,
  year      = {2017},
  timestamp = {2020-01-20},
  url       = {https://data-science-blog.com/blog/2017/12/20/maschinelles-lernen-klassifikation-vs-regression/},
}

@Misc{paraNichtPara,
  author    = {Benjamin Aunkofer},
  title     = {Maschinelles Lernen: Parametrisierte und nicht-parametrisierte Verfahren},
  month     = feb,
  year      = {2018},
  timestamp = {2020-01-20},
  url       = {https://data-science-blog.com/blog/2018/02/11/maschinelles-lernen-parametrisierte-und-nicht-parametrisierte-verfahren/},
}

@Misc{AnwendungsBsp,
  author    = {Arvin Arora},
  title     = {Anwendungsgebiete für Machine Learning},
  month     = feb,
  year      = {2018},
  timestamp = {2020-01-20},
  url       = {https://www.agile-im.de/2018/02/08/anwendungsgebiete-fuer-machine-learning/},
}

@Electronic{TensorFlowLite,
  month    = jan,
  year     = {2020},
  title    = {TensorFlow Lite guide},
  language = {Englisch},
  url      = {https://www.tensorflow.org/lite/guide},
}

@Misc{neuronalesNetz,
  author    = {Stefan Luber, Nico Litzel},
  title     = {Was ist ein Neuronales Netz?},
  month     = feb,
  year      = {2015},
  timestamp = {2020-02-01},
  url       = {https://www.bigdata-insider.de/was-ist-ein-neuronales-netz-a-686185/},
}

@Electronic{Demonstrator,
  author = {Aymericdamien},
  month  = jan,
  year   = {2020},
  title  = {Tensorboard Basics},
  url    = {https://github.com/aymericdamien/TensorFlow-Examples/blob/master/examples/4_Utils/tensorboard_basic.py},
}

@Comment{jabref-meta: databaseType:bibtex;}
